<record><leader>00000cas a2200000 a 4500</leader><controlfield tag="001">37541640</controlfield><controlfield tag="008">970828d19771978vtuwr ne      0    0eng c</controlfield><datafield ind1=" " ind2=" " tag="010"><subfield code="a">sn 97067579 </subfield></datafield><datafield ind1=" " ind2=" " tag="040"><subfield code="a">NVN</subfield><subfield code="b">eng</subfield><subfield code="c">NVN</subfield><subfield code="d">OCLCQ</subfield><subfield code="d">OCLCF</subfield><subfield code="d">OCLCO</subfield></datafield><datafield ind1="1" ind2=" " tag="029"><subfield code="a">AU@</subfield><subfield code="b">000013434916</subfield></datafield><datafield ind1=" " ind2=" " tag="042"><subfield code="a">pcc</subfield></datafield><datafield ind1=" " ind2=" " tag="043"><subfield code="a">n-us-vt</subfield></datafield><datafield ind1="0" ind2="4" tag="245"><subfield code="a">The Waterbury independent news &amp; press.</subfield></datafield><datafield ind1="3" ind2=" " tag="246"><subfield code="a">Waterbury independent news and press</subfield></datafield><datafield ind1="1" ind2="7" tag="246"><subfield code="a">Waterbury independent</subfield></datafield><datafield ind1=" " ind2=" " tag="260"><subfield code="a">Waterbury, Vt. :</subfield><subfield code="b">Phyllis A. Gile,</subfield><subfield code="c">1977-1978.</subfield></datafield><datafield ind1=" " ind2=" " tag="300"><subfield code="a">v.</subfield></datafield><datafield ind1=" " ind2=" " tag="310"><subfield code="a">Weekly</subfield></datafield><datafield ind1="1" ind2=" " tag="362"><subfield code="a">Began in Oct. 1977.</subfield></datafield><datafield ind1="0" ind2=" " tag="362"><subfield code="a">-v. 1, no. 36 (June 22, 1978).</subfield></datafield><datafield ind1=" " ind2=" " tag="500"><subfield code="a">Published in Waitsfield, Vt., Feb. 2-23, 1978.</subfield></datafield><datafield ind1=" " ind2=" " tag="580"><subfield code="a">Merged with: Valley independent to form: The independent.</subfield></datafield><datafield ind1=" " ind2=" " tag="588"><subfield code="a">Description based on: Vol. 1, no. 12 (Jan. 5, 1978).</subfield></datafield><datafield ind1=" " ind2="0" tag="651"><subfield code="a">Waterbury (Vt. : Town)</subfield><subfield code="v">Newspapers.</subfield></datafield><datafield ind1=" " ind2="0" tag="651"><subfield code="a">Vermont</subfield><subfield code="v">Newspapers.</subfield></datafield><datafield ind1=" " ind2="7" tag="655"><subfield code="a">Newspapers.</subfield><subfield code="2">fast</subfield><subfield code="0">(OCoLC)fst01423814</subfield></datafield><datafield ind1=" " ind2="7" tag="651"><subfield code="a">Vermont.</subfield><subfield code="2">fast</subfield><subfield code="0">(OCoLC)fst01204305</subfield></datafield><datafield ind1=" " ind2="7" tag="651"><subfield code="a">Vermont</subfield><subfield code="z">Waterbury (Town)</subfield><subfield code="2">fast</subfield><subfield code="0">(OCoLC)fst01332115</subfield></datafield><datafield ind1=" " ind2=" " tag="752"><subfield code="a">United States</subfield><subfield code="b">Vermont</subfield><subfield code="c">Washington</subfield><subfield code="d">Waterbury.</subfield></datafield><datafield ind1=" " ind2=" " tag="752"><subfield code="a">United States</subfield><subfield code="b">Vermont</subfield><subfield code="c">Washington</subfield><subfield code="d">Waitsfield.</subfield></datafield><datafield ind1="1" ind2="7" tag="785"><subfield code="t">Valley independent</subfield></datafield><datafield ind1="1" ind2="7" tag="785"><subfield code="t">Independent</subfield></datafield></record>